<marcxml:record xmlns:marcxml="http://www.loc.gov/MARC21/slim" xmlns:idx="info:lc/xq-modules/lcindex" xmlns:madsrdf="http://www.loc.gov/mads/rdf/v1#" xmlns:ri="http://id.loc.gov/ontologies/RecordInfo#" xmlns:xlink="http://www.w3.org/1999/xlink" xmlns:rdf="http://www.w3.org/1999/02/22-rdf-syntax-ns#" xmlns:mets="http://www.loc.gov/METS/" xmlns:semtriples="http://marklogic.com/semantic" xmlns:xsi="http://www.w3.org/2001/XMLSchema-instance" xmlns:streams="info:lc/streams#">
            <marcxml:leader>00990cz  a2200217n  4500</marcxml:leader>
            <marcxml:controlfield tag="001">sh85017769</marcxml:controlfield>
            <marcxml:controlfield tag="003">DLC</marcxml:controlfield>
            <marcxml:controlfield tag="005">20130509075538.0</marcxml:controlfield>
            <marcxml:controlfield tag="008">860211i| anannbabn          |b ana      </marcxml:controlfield>
            <marcxml:datafield tag="010" ind1=" " ind2=" ">
              <marcxml:subfield code="a">sh 85017769 </marcxml:subfield>
              <marcxml:subfield code="z">sh 85058480 </marcxml:subfield>
            </marcxml:datafield>
            <marcxml:datafield tag="040" ind1=" " ind2=" ">
              <marcxml:subfield code="a">DLC</marcxml:subfield>
              <marcxml:subfield code="c">DLC</marcxml:subfield>
              <marcxml:subfield code="d">DLC</marcxml:subfield>
            </marcxml:datafield>
            <marcxml:datafield tag="150" ind1=" " ind2=" ">
              <marcxml:subfield code="a">Buildings</marcxml:subfield>
            </marcxml:datafield>
            <marcxml:datafield tag="360" ind1=" " ind2=" ">
              <marcxml:subfield code="i">subdivision</marcxml:subfield>
              <marcxml:subfield code="a">Buildings</marcxml:subfield>
              <marcxml:subfield code="i">under names of individual exhibitions and corporate bodies; and names of individual buildings</marcxml:subfield>
            </marcxml:datafield>
            <marcxml:datafield tag="450" ind1=" " ind2=" ">
              <marcxml:subfield code="a">Edifices</marcxml:subfield>
            </marcxml:datafield>
            <marcxml:datafield tag="450" ind1=" " ind2=" ">
              <marcxml:subfield code="w">nne</marcxml:subfield>
              <marcxml:subfield code="a">Halls</marcxml:subfield>
            </marcxml:datafield>
            <marcxml:datafield tag="450" ind1=" " ind2=" ">
              <marcxml:subfield code="a">Structures</marcxml:subfield>
            </marcxml:datafield>
            <marcxml:datafield tag="550" ind1=" " ind2=" ">
              <marcxml:subfield code="a">Architecture</marcxml:subfield>
            </marcxml:datafield>
            <marcxml:datafield tag="667" ind1=" " ind2=" ">
              <marcxml:subfield code="a">When this heading is subdivided by names of cities, an additional subject entry is made under the name of the city with subdivision Buildings, structures, etc.</marcxml:subfield>
            </marcxml:datafield>
            <marcxml:datafield tag="680" ind1=" " ind2=" ">
              <marcxml:subfield code="i">Here are entered general works on structures or edifices. Works on the design and style of structures are entered under</marcxml:subfield>
              <marcxml:subfield code="a">Architecture.</marcxml:subfield>
              <marcxml:subfield code="i">Works on the process of construction are entered under</marcxml:subfield>
              <marcxml:subfield code="a">Building.</marcxml:subfield>
            </marcxml:datafield>
            <marcxml:datafield tag="681" ind1=" " ind2=" ">
              <marcxml:subfield code="i">Example under</marcxml:subfield>
              <marcxml:subfield code="a">Structural engineering</marcxml:subfield>
            </marcxml:datafield>
            <marcxml:datafield tag="681" ind1=" " ind2=" ">
              <marcxml:subfield code="i">Notes under</marcxml:subfield>
              <marcxml:subfield code="a">Architecture; Building</marcxml:subfield>
            </marcxml:datafield>
          </marcxml:record>
